 @MISC{LIDAR,
  author = {NOAA},
  title = {Lidar},
  year = {2017}, 
  howpublished = {\url{https://oceanservice.noaa.gov/facts/lidar.html}}
 }

@MISC{Radar,
  author = {Tom Harris},
  title = {brief about radar},
  year = {2006},
  howpublished = {\url{https://auto.howstuffworks.com/radar-detector1.htm}}
 } 

@MISC{RadarTutorial,
  author = {Christian Wolff},
  title = {Radar waves},
  year = {2002},
  howpublished = {\url{http://www.radartutorial.eu/07.waves/}}
 } 


@MISC{Sojounerroverjpl,
  author = {Jet propulsion lab},
  title = {Sojourner rover },
  year = {unknown},
  howpublished = {\url{https://www.jpl.nasa.gov/news/fact_sheets/mpf.pdf}}
}

@MISC{spiritopportunity_mission,
  author = {Nasa},
  title = {spirit and opportunity mission},
  year = {},
  howpublished = {\url{https://mars.nasa.gov/programmissions/missions/present/2003/}}
} 
 
@MISC{spiritopportunity_overview,
  author = {Tony Greicius},
  title = {overview of Spirit & opportunity}, 
  year = {2017},
  howpublished = {\url{https://www.nasa.gov/mission_pages/mer/overview/index.html}}
}

@MISC{spiritopportunity_facts,
  author = {Jet propulsion lab},
  title = {Spirit & Opportunity facts},
  year = {2016},
  howpublished = {\url{https://www.jpl.nasa.gov/news/fact_sheets/mars03rovers.pdf}}
 }
  
    @MISC{CuriosityVision,
  author = {Nasa},
  title = {"Eyes and other senses"},
  year = {2016},
  howpublished = {\url{https://mars.nasa.gov/msl/mission/rover/eyesandother/}}
 }
   @MISC{Lasers,
  author = {Steven King},
  title = {Visual navigation and obstacle avoidance structured light system},
  year = {1991},
  howpublished = {\url{ https://www.google.com/patents/US5040116}}
 }
  
  
  @MISC{Mars_gravity,
  author = {Nasa},
  title = {Mars Gravity},
  year = {2016},
  howpublished = {\url{https://www.nasa.gov/feature/goddard/2016/mars-gravity-map}}
 }
  
@MISC{Curiosity2016,
  author = {Anna Tang Nielsen},
  title = {Marsfartøj i dilemma},
  year = {2016},
  howpublished ={\url{https://ing.dk/artikel/mars-fartoej-dilemma-skal-krydse-vandloeb-uden-at-forurene-vandet-186808}}
 }
 
  @MISC{CuriosityCommunication,
  author = {NASA},
  title = {Communication},
  year = {2011},
  howpublished = {\url{https://mars.nasa.gov/msl/mission/communicationwithearth/data/}}
 }
 
  @MISC{CuriosityPicture1,
  author = {ZME-science},
  title = {Picture1},
  year = {2011},
  howpublished = {\url{https://www.zmescience.com/space/watch-mars-rover-launch-stream-312423/}}
 }
 
 @MISC{CuriosityREMS,
  author = {NASA},
  title = {Curiosity (rover)},
  year = {2012},
  howpublished = {\url{https://mars.nasa.gov/msl/mission/instruments/environsensors/rems/)}}
 }https://history.nasa.gov/marschro.htm
 
 @MISC{CuriosityNASA,
  author = {NASA},
  title = {CheMin},
  year = {2011},
  howpublished = {\url{https://mars.nasa.gov/msl/mission/instruments/spectrometers/}}
 }

 @MISC{CuriosityIMAGE,
  author = {NASA/JPL-Caltech},
  title = {CheMin},
  year = {2011},
  howpublished = {\url{https://www.jpl.nasa.gov/imagepolicy/}}
 }

 @MISC{CuriosityMissions,
  author = {NASA},
  title = {CheMin},
  year = {2012-???},
  howpublished = {\url{https://mars.nasa.gov/msl/mission/mars-rover-curiosity-mission-updates/}}
 }

 @MISC{CuriosityPOWER,
  author = {NASA},
  title = {Power Source},
  year = {2011},
  howpublished = {\url{https://mars.nasa.gov/msl/mission/technology/technologiesofbroadbenefit/power/}}
 }


 @MISC{CuriosityNASA2,
  author = {NASA},
  title = {SAM},
  year = {2011},
  howpublished = {\url{https://mars.nasa.gov/msl/mission/instruments/spectrometers/sam/}}
 }
 
 @MISC{NASAChronology,
  author = {NASA},
  title = {A Chronology of Mars Exploration},
  year = {unknown year},
  howpublished = {\url{https://history.nasa.gov/marschro.htm}}
 }
 
 @MISC{Spacecraft,
  author = {Wikipedia},
  title = {Spacecraft},
  year = {2017}, 
  howpublished = {\url{https://en.wikipedia.org/wiki/Spacecraft}}
 } 
 
 @MISC{NASASojournerPathfinder,
  author = {NASA},
  title = {Mars Pathfinder / Sojourner Rover},
  year = {unknown year}, 
  howpublished = {\url{https://www.jpl.nasa.gov/missions/mars-pathfinder-sojourner-rover/}}
 }
 
 @MISC{MarsOverview,
  author = {NASA},
  title = {Mars: Overview: The Red Planet},
  year = {unknown year}, 
  howpublished = {\url{https://solarsystem.nasa.gov/planets/mars}}
 }
 
 @MISC{MarsInDepth,
  author = {NASA},
  title = {Mars: In Depth},
  year = {unknown year}, 
  howpublished = {\url{https://solarsystem.nasa.gov/planets/mars/indepth}}
 }
 
 @MISC{MarsBasicFacts,
  author = {NASA},
  title = {Mars: Basic Facts},
  year = {unknown year}, 
  howpublished = {\url{https://solarsystem.nasa.gov/planets/mars/basic}}
 }
 
 @MISC{MarsPicture01,
  author = {NASA},
  title = {Mars: Extreme Planet},
  year = {unknown year}, 
  howpublished = {\url{https://mars.nasa.gov/allaboutmars/extreme/}}
 }
 
 @MISC{MarsSeasons,
  author = {Martin J Powell},
  title = {The Martian Year and seasons},
  year = {2013}, 
  howpublished = {\url{ http://www.nakedeyeplanets.com/mars-seasons.htm}}
 }
 
 @MISC{MarsVSEarth,
  author = {NASA},
  title = {Mars Facts},
  year = {unknown}, 
  howpublished = {\url{https://mars.nasa.gov/allaboutmars/facts/#?c=inspace&s=distance}}
 }
 
 @MISC{orbitermro,
  author = {NASA},
  title = {mro overview},
  year = {unknown}, 
  howpublished = {\url{https://mars.nasa.gov/mro/mission/overview/}}
 }

 @MISC{orbitermom,
  author = {Spaceflight101.com.},
  title = {MOM},
  year = {unknown}, 
  howpublished = {\url{http://spaceflight101.com/mom/mars-orbiter-mission/}}
 }

 @MISC{landerpho1,
  author = {NASA},
  title = {program & misson},
  year = {unknown}, 
  howpublished = {\url{https://mars.nasa.gov/programmissions/missions/past/phoenix/}}
 }
  
 @MISC{landerpho,
  author = {},
  title = {Pheonix Mars mission},
  year = {unknown}, 
  howpublished = {\url{http://phoenix.lpl.arizona.edu/mission.php}}
 }
 
 @BOOK{Ultrasonicsnesor,
  author = {Rory A Cooper},
  title = {Rehabilitation Engineering Applied to Mobility and Manipulation},
  year = {1995}, 
 }
 
 @MISC{Mmtg,
  author = {F.Ritz & C.E. Peterson},
  title = {Multi-mission radioisotope thermoelectric generator (MMRTG) program overview},
  year = {2004}, 
  howpublished = {\url{http://ieeexplore.ieee.org/abstract/document/1368101/}}
 }
 
 @MISC{WhatAreCosmicRays?,
  author = {Elizabeth Howell},
  title = {What Are Cosmic Rays?},
  year = {2004}, 
  howpublished = {\url{https://www.space.com/32644-cosmic-rays.html}}
 }

 @MISC{Cameras, 
  author = {Peter Henry, Michael Krainin, Evan Herbst, Xiaofeng Ren and Dieter Fox},
  title = {RGB-D mapping: Using Kinect-style depth cameras for dense 3D modeling of indoor environments},
  year = {2012}, 
  howpublished = {\url{https://pdfs.semanticscholar.org/a17f/e165d1ae617cc7065af32a30e6c5b1a706f5.pdf}}
 } 
 
 @MISC{Marsdust,
  author = {Elizabeth Howell},
  title = {'The Martian' Dust Storm Would Actually Be a Breeze},
  year = {2015}, 
  howpublished = {\url{https://www.space.com/30663-the-martian-dust-storms-a-breeze.html}}
}

 @MISC{SLAMdummies,
  author = {Søren Riisgaard and Morten Rufus Blas},
  title = {SLAM for Dummies},
  year = {2005}, 
  howpublished = {\url{https://ocw.mit.edu/courses/aeronautics-and-astronautics/16-412j-cognitive-robotics-spring-2005/projects/1aslam_blas_repo.pdf}}
 }
  
 @MISC{GyrosOdometry,
  author = {J. Borenstein and L. Feng},
  title = {Gyrodometry: A New Method for Combining Data from Gyros and Odometry in Mobile Robots},
  year = {1996}, 
  howpublished = {\url{http://citeseerx.ist.psu.edu/viewdoc/download?doi=10.1.1.22.8658&rep=rep1&type=pdf}}
 }
   
 @MISC{AspectsTemperature,
  author = {Tim Sharp},
  title = {What is the Temperature of Mars?},
  year = {2012}, 
  howpublished = {\url{https://www.space.com/16907-what-is-the-temperature-of-mars.html}}
 }
 
   @MISC{gravity,
  author = { Kay Dewar and Jim Tillman},
  title = {Mars 101},
  year = {2016}, 
  howpublished = {\url{http://msl-chemcam.com/index.php?menu=inc&page_consult=textes&rubrique=109&sousrubrique=0&soussousrubrique=0&titre_url=Mars\%20101#.WgLINcanG70}}
 }
 
  @MISC{howbigismars,
  author = {Tim Sharp},
  title = {how big is mars},
  year = {2012}, 
  howpublished = {\url{https://www.space.com/16871-how-big-is-mars.html}}
 }

 @MISC{AspectsWeather,
  author = {Tim Sharp},
  title = {Mars' Atmosphere: Composition, Climate & Weather},
  year = {2017}, 
  howpublished = {\url{https://www.space.com/16903-mars-atmosphere-climate-weather.html}}
 }
 
  @MISC{Duststorm,
  author = {IANS},
  title = {NASA reveals the fact and fiction of Martian dust storms},
  year = {2015}, 
  howpublished = {\url{http://www.bgr.in/news/nasa-reveals-the-fact-and-fiction-of-martian-dust-storms/}}
 }
 
  @MISC{EconomicNASA,
  author = {The Tauri Group},
  title = {NASA Sociol-Economic impact},
  year = {2013}, 
  howpublished = {\url{https://www.nasa.gov/sites/default/files/files/SEINSI.pdf}}
 }
 
  @MISC{EconomicESA,
  author = {ESA},
  title = {ESA budget for 2017: 5.77BEuro},
  year = {2017}, 
  howpublished = {\url{http://www.esa.int/spaceinimages/Images/2017/01/ESA_budget_2017}}
 }
 
  @MISC{EconomicESA2,
  author = {ESA},
  title = {EUROPEAN EXPLORERS IN THE SOLAR SYSTEM},
  year = {2017}, 
  howpublished = {\url{http://exploration.esa.int/jump.cfm?oid=45801}}
 }
 
  @MISC{DifferentSLAM,
  author = {Kudan},
  title = {Different Types of Visual SLAM Systems},
  year = {2017}, 
  howpublished = {\url{https://www.kudan.eu/kudan-news/different-types-visual-slam-systems/ }}
 }

 @MISC{SolarPanels,
  author = {Eleanor Nelsen },
  title = {How solar panels work},
  year = {2017}, 
  howpublished = {\url{ https://ed.ted.com/lessons/how-do-solar-panels-work-richard-komp#watch }}
 }
 
  @MISC{RTG,
  author = {NASA},
  title = {Radioisotope Thermoelectric Generator (RTG)},
  year = {2017}, 
  howpublished = {\url{https://solarsystem.nasa.gov/rps/rtg.cfm}}
 }

  @MISC{Distance,
  author = {Space.com},
  title = {What Is the Distance Between Earth and Mars? },
  year = {2017}, 
  howpublished = {\url{https://www.space.com/14729-spacekids-distance-earth-mars.html}}
 }
 
  @MISC{Wheels1,
  author = {robotics.stackexchange.com},
  title = {Wheels vs Continuous Tracks (Tank Treads)},
  year = {2012}, 
  howpublished = {\url{https://robotics.stackexchange.com/questions/541/wheels-vs-continuous-tracks-tank-treads}}
 }
 
  @MISC{Wheels2,
  author = {slideshare.net},
  title = {Tracks vs. Wheels},
  year = {2012}, 
  howpublished = {\url{https://www.slideshare.net/1st_TSG_Airborne/track-vs-wheels}}
 }
 
@MISC{Inverters,
  author = {Windy Dankoff},
  title = {How to Choose an Inverter for an Independent Energy System},
  year = {2012}, 
  howpublished = {\url{ https://www.solar-electric.com/lib/wind-sun/Pump-Inverter.pdf}}
 }
 
  @MISC{Treaty1,
  author = {UNOOSA.org},
  title = {The "Outer Space Treaty"},
  year = {1967}, 
  howpublished = {\url{http://www.unoosa.org/oosa/en/ourwork/spacelaw/treaties/outerspacetreaty.html}}
 }
 
  @MISC{Treaty2,
  author = {UNOOSA.org},
  title = {The "Rescue Agreement"},
  year = {1968}, 
  howpublished = {\url{http://www.unoosa.org/oosa/en/ourwork/spacelaw/treaties/rescueagreement.html}}
 }
 
  @MISC{Treaty3,
  author = {UNOOSA.org},
  title = {The "Liability Convention"},
  year = {1972}, 
  howpublished = {\urlhttp://www.unoosa.org/oosa/en/ourwork/spacelaw/treaties/liability-convention.html}}
 }
 
  @MISC{Treaty4,
  author = {UNOOSA.org},
  title = {The "Registration Convention"},
  year = {1976}, 
  howpublished = {\url{http://www.unoosa.org/oosa/en/ourwork/spacelaw/treaties/registration-convention.html}}
 }
 
  @MISC{Treaty5,
  author = {UNOOSA.org},
  title = {The "Moon Agreement"},
  year = {1984}, 
  howpublished = {\url{http://www.unoosa.org/oosa/en/ourwork/spacelaw/treaties/moon-agreement.html}}
 }
 
  @MISC{DCbrusshles,
  author = {Electrical Machines},
  title = {Brushless DC Motor, How it works ?},
  year = {2017}, 
  howpublished = {\url{http://www.learnengineering.org/2014/10/Brushless-DC-motor.html}}
 }
 
 @MISC{ASmotor,
  author = {Chris Woodford},
  title = {Induction motors},
  year = {2017}, 
  howpublished = {\url{http://www.explainthatstuff.com/induction-motors.html}}
 }
 
 @MISC{MarsPics,
  author = {Sarah Knapton},
  title = {Elon Musk: We'll create a city on Mars with a million inhabitants},
  year = {2017}, 
  howpublished = {\url{http://www.telegraph.co.uk/science/2017/06/21/elon-musk-create-city-mars-million-inhabitants/&prev=search}}
 }
 
 @MISC{NuclearPower,
  author = {Alexandra Witze},
  title = {Nuclear power},
  year = {2014}, 
  howpublished = {\url{http://www.nature.com/news/nuclear-power-desperately-seeking-plutonium-1.16411?WT.mc_id=FBK_NatureNews#/powertrip}}
 }
 
 @MISC{InSight,
  author = {NASA},
  title = {NASA Approves 2018 Launch of Mars InSight Mission},
  year = {2017}, 
  howpublished = {\url{https://mars.nasa.gov/news/nasa-approves-2018-launch-of-mars-insight-mission/}}
 }
   
  @BOOK{guide,
  author = {Hartmann, W.},
  title = {The Mysterious Landscapes of the Red Planet.},
  year = {2003}, 
  publisher= {New York: Workman Publishing}
 }
 
  @BOOK{surface,
  author = {Carr, Michael},
  title = {The surface of Mars},
  year = {2006}, 
  publisher= {Cambridge, UK: Cambridge University Press}
 }
   
   @MISC{ACmotor,
  author = {Nick Reeder},
  title = {Introduction to Alternating Current and Voltage},
  year = {2014}, 
  howpublished = {\url{http://nreeder.com/eet1155/mod02.htm}}
 }
 
    @MISC{ACmotor1,
  author = {By Kiran Daware},
  title = {AC Generator (Alternator) - Construction And Working},
  year = {2014}, 
  howpublished = {\url{http://www.electricaleasy.com/2014/02/AC-generator-alternator-construction-working.html}}
 }
 
   @MISC{ACmotor3,
  author = {SHAWNHYMEL},
  title = {Alternating Current (AC) vs. Direct Current (DC)},
  year = {2017}, 
  howpublished = {\url{https://https://learn.sparkfun.com/tutorials/alternating-current-ac-vs-direct-current-dc/alternating-current-ac}}
 }
 
   @MISC{DCmotor1,
  author = {Electropaedia},
  title = {Electrical Machines - Generators
(Description and Applications)},
  year = {2017}, 
  howpublished = {\url{http://www.mpoweruk.com/generators.htm}}
 }
 
    @MISC{DCmotor2,
  author = { ONLINE ELECTRICAL ENGINEERING STUDY SITE},
  title = {Principle of DC Generator},
  year = {2011}, 
  howpublished = {\url{https://www.electrical4u.com/principle-of-dc-generator/}}
 }
 
    @MISC{ROSexploration,
  author = {Mike Purvis},
  title = {Frontier Exploration},
  year = {2017}, 
  howpublished = {\url{http://wiki.ros.org/frontier_exploration}}
 }
 
     @MISC{DCmotor3,
  author = {Built with Volusion},
  title = {
AC means Alternating Current and DC means Direct Current.},
  year = {2017}, 
  howpublished = {\url{https://www.bixpower.com/AC-and-DC-Power-Comparison-s/2326.htm}}
 }
 @BOOK{climate,
  author = {Jakosky, Bruce M.; Phillips, Roger J},
  title = {Mars' volatile and climate history},
  year = {2001}, 
  publisher= {Nature. 412}
 }
  @BOOK{water,
  author = {Carr, Michael, H},
  title = {Water on Mars},
  year = {1996}, 
  publisher= {Oxford University Press: New York}
 }
  @MISC{liquid,
  author = { Jennifer L. Heldmann, Owen B. Toon, Wayne H. Pollard, Michael T. Mellon,
John Pitlick, Christopher P. McKay,6and Dale T. Andersen},
  title = {Formation of Martian gullies by the action of liquid water flowing
under current Martian environmental conditions},
  year = {2004}, 
  howpublished = {\url{http://daleandersen.seti.org/Dale_Andersen/Science_articles_files/Heldmann\%20et\%20al.2005.pdf}}
 }
 
 
  @MISC{sand,
  author = {Built with Volusion},
  title = {Table of Ultimate Friction Factors for Dissimilar Materials},
  year = {unknown}, 
  howpublished = {\url{https://www.finesoftware.eu/help/geo5/en/table-of-ultimate-friction-factors-for-dissimilar-materials-01/}}
 }
 
  @MISC{ASUS,
  author = {ASUS},
  title = {X200LA},
  year = {unknown}, 
  howpublished = {\url{https://www.asus.com/in/Laptops/X200LA/specifications/}}
 }
 
 @MISC{CPU,
  author = {Intel},
  title = {i3-4010U},
  year = {unknown}, 
  howpublished = {\url{https://ark.intel.com/products/75107/Intel-Core-i3-4010U-Processor-3M-Cache-1_70-GHz}}
 }
 
 @MISC{Lidar360,
  author = {John Shackleton},
  title = {Tracking people with a 360-degree lidar},
  year = {2010},
  howpublished = {\url{http://velodynelidar.com/lidar/hdlpressroom/pdf/Articles/Tracking\%20People\%20with\%20a\%20360-Degree\%20Lidar.pdf}}
 } 
 
  @MISC{ROSwiki,
  author = {Hans Tuquiqa},
  title = {Tutorials},
  year = {2017},
  howpublished = {\url{http://wiki.ros.org/ROS/Tutorials}}
 } 
 
 @MISC{Base,
  author = {Kobuki},
  title = {Kobuki manual},
  year = {unknown},
  howpublished = {\url{http://kobuki.yujinrobot.com/wiki/online-user-guide/}}
 } 
 
 @MISC{ASUSXPL,
  author = {ASUS},
  title = {Xtion PRO LIVE},
  year = {unknown},
  howpublished = {\url{https://www.asus.com/us/3D-Sensor/Xtion_PRO_LIVE/overview/}}
 } 
 
 @MISC{interactiveMarkers,
  author = {David Gossow, Adam Leeper, Dave Hershberger, and Matei Ciocarlie},
  title = {Interactive Markers: 3-D User Interfaces for ROS Applications},
  year = {2011},
  howpublished = {\url {http://ieeexplore.ieee.org/stamp/stamp.jsp?arnumber=6096032}}
 } 
 
  @MISC{mapping,
  author = {Brian Gerkey},
  title = {gmapping},
  year = {2015},
  howpublished = {\url{https://http://wiki.ros.org/gmapping}}
 } 
 
 @MISC{radiationEffectsInMaterials,
  author = {J. Dauphin},
  title = {Radiation Effects In Materials},
  year = {1994},
  howpublished = {\url {https://ac.els-cdn.com/0969806X94902011/1-s2.0-0969806X94902011-main.pdf?_tid=39191eec-d4f8-11e7-a5ca-00000aab0f01&acdnat=1511955003_452410eec9507da5fa583cacaa9b3ac1}}
 } 

 @MISC{AMCL,
  author = {Brian P. Gerkey},
  title = {amcl},
  year = {2017},
  howpublished = {\url{http://wiki.ros.org/amcl}}
 }  

 @MISC{CTerrain,
  author = {Robert Roy Britt},
  title = {Chaos on Mars},
  year = {2005},
  howpublished = {\url{https://www.space.com/994-chaos-mars.html}}
 } 
